@inproceedings{kitazato2016proxy,
  title={Proxy cooperative awareness message: an infrastructure-assisted V2V messaging},
  author={Kitazato, Tomoya and Tsukada, Manabu and Ochiai, Hideya and Esaki, Hiroshi},
  booktitle={Mobile Computing and Ubiquitous Networking (ICMU), 2016 Ninth International Conference on},
  pages={1--6},
  year={2016},
  organization={IEEE}
}
@article{etsi2013103,
  title={103 097: Intelligent Transport Systems (ITS); Security; Security header and certificate formats},
  author={ETSI, TS},
  journal={Technical specification, European Telecommunications Standards Institute},
  year={2013}
}
@article{etsi2014302,
  title={302 637-2 V1. 3.1-Intelligent Transport Systems (ITS); Vehicular Communications; Basic Set of Applications; Part 2: Specification of Cooperative Awareness Basic Service},
  author={ETSI, EN},
  journal={ETSI, Sept},
  year={2014}
}
@inproceedings{obst2014multi,
  title={Multi-sensor data fusion for checking plausibility of V2V communications by vision-based multiple-object tracking},
  author={Obst, Marcus and Hobert, Laurens and Reisdorf, Pierre},
  booktitle={Vehicular Networking Conference (VNC), 2014 IEEE},
  pages={143--150},
  year={2014},
  organization={IEEE}
}